<?xml version="1.0" encoding="UTF-8"?><record xmlns="http://www.loc.gov/MARC21/slim" xmlns:cinclude="http://apache.org/cocoon/include/1.0" xmlns:zs="http://www.loc.gov/zing/srw/">
  <leader>00793cz  a2200157n  4500</leader>
  <controlfield tag="001">no2008129253</controlfield>
  <controlfield tag="003">DLC</controlfield>
  <controlfield tag="005">20120817083517.0</controlfield>
  <controlfield tag="008">080903n| acannaabn          |n ana     c</controlfield>
  <datafield tag="010" ind1=" " ind2=" ">
    <subfield code="a">no2008129253</subfield>
  </datafield>
  <datafield tag="035" ind1=" " ind2=" ">
    <subfield code="a">(OCoLC)oca07869388</subfield>
  </datafield>
  <datafield tag="040" ind1=" " ind2=" ">
    <subfield code="a">CLU</subfield>
    <subfield code="b">eng</subfield>
    <subfield code="c">CLU</subfield>
    <subfield code="d">DLC</subfield>
  </datafield>
  <datafield tag="111" ind1="2" ind2=" ">
    <subfield code="a">Romanistentag</subfield>
    <subfield code="n">(29th :</subfield>
    <subfield code="d">2005 :</subfield>
    <subfield code="c">SaarbruĚcken, Germany).</subfield>
    <subfield code="e">Sektion Unausweichlichkeit des Mythos.</subfield>
  </datafield>
  <datafield tag="667" ind1=" " ind2=" ">
    <subfield code="a">THIS 1XX FIELD CANNOT BE USED UNDER RDA UNTIL THIS RECORD HAS BEEN REVIEWED AND/OR UPDATED</subfield>
  </datafield>
  <datafield tag="670" ind1=" " ind2=" ">
    <subfield code="a">Unausweichlichkeit des Mythos, c2007:</subfield>
    <subfield code="b">t.p. (Unausweichlichkeit des Mythos), p. [7] (Sektion des 39th [i.e. 29th] Deutschen Romanistentags; Sept. 25-29, 2005 in SaarbruĚcken)</subfield>
  </datafield>
  <datafield tag="670" ind1=" " ind2=" ">
    <subfield code="a">XXIX. Deutschen Romanistentages WWW site, Sept. 3, 2008:</subfield>
    <subfield code="b">Sektionen page (Sektion 24, Unausweichlichkeit des Mythos)</subfield>
  </datafield>
</record>